
@book{eisenberg_nucleartheory_1978,
  author = {Eisenberg, Judah M. and Greiner, Walter},
  date = {1978},
  edition = {2., rev. ed., 1. repr},
  isbn = {978-0-7204-0483-8 978-0-444-11132-6},
  langid = {english},
  location = {{Amsterdam}},
  note = {OCLC: 256795525},
  pagetotal = {421},
  publisher = {{North-Holland [u.a.]}},
  shorttitle = {Nuclear Theory. 2},
  title = {Nuclear Theory. 2: {{Excitation}} Mechanisms of the Nucleus}
}

@book{jackson_classicalelectrodynamics_1999,
  author = {Jackson, John David},
  date = {1999},
  edition = {3rd ed},
  isbn = {978-0-471-30932-1},
  keywords = {Electrodynamics},
  location = {{New York}},
  pagetotal = {808},
  publisher = {{Wiley}},
  title = {Classical Electrodynamics}
}

@unpublished{karsch_applicationshigh_2018,
  author = {Karsch, Stefan},
  date = {2018},
  howpublished = {Lecture Notes},
  location = {{Ludwig-Maximilians-University Munich}},
  title = {Applications of {{High Intensity Laser Pulse}}},
  type = {Lecture Notes},
  url = {https://www.physik.uni-muenchen.de/lehre/vorlesungen/sose_18/applications_of_high-intensity_laser-pulses/vorlesung/LaserMatter.pdf},
  urldate = {2019-06-09}
}

@thesis{oneil_laserwakefield_2017,
  author = {O'Neil, Aaron},
  date = {2017-03-20},
  institution = {{Queen's University Belfast}},
  title = {Laser {{Wakefield Acceleratror Simulations Using EPOCH}}},
  type = {MSci Thesis},
  url = {https://pure.qub.ac.uk/portal/files/147720282/Aaron_ONeill_40007530.pdf},
  urldate = {2019-03-17}
}

@article{tajima_laserelectron_1979,
  abstract = {An intense electromagnetic pulse can create a weak of plasma oscillations through the action of the nonlinear ponderomotive force. Electrons trapped in the wake can be accelerated to high energy. Existing glass lasers of power density 1018W/cm2 shone on plasmas of densities 1018 cmâˆ’3 can yield gigaelectronvolts of electron energy per centimeter of acceleration distance. This acceleration mechanism is demonstrated through computer simulation. Applications to accelerators and pulsers are examined.},
  author = {Tajima, T. and Dawson, J. M.},
  date = {1979-07-23},
  doi = {10.1103/PhysRevLett.43.267},
  journaltitle = {Physical Review Letters},
  keywords = {Computer simulation,density,Electron,Lasers,Nonlinear system,Plasma Active},
  number = {4},
  pages = {267-270},
  shortjournal = {Phys. Rev. Lett.},
  title = {Laser {{Electron Accelerator}}},
  url = {https://link.aps.org/doi/10.1103/PhysRevLett.43.267},
  urldate = {2019-06-09},
  volume = {43}
}


